author =       "B. Stroustrup",
title =        "{Zur Elektrodynamik bewegter K{\"o}rper}. ({German})
        [{On} the electrodynamics of moving bodies]",
journal =      "Annalen der Physik",
number =       "10",
pages =        "891--921",
year =         "1905",
DOI =          "http://dx.doi.org/10.1002/andp.19053221004"

@book{bStrou,
    author =       "B. Stroustrup",
    title =        "The C++ Programming Language",
    edition =      "4th Edition",
    publisher =    "Addison-Wesley",
    year =         "2013",
}

@book{nodeBook,
    author =       "Azat Mardan",
    title =        "Practical Node.js: Building Real-World Scalable Web Apps",
    publisher =    "Apress",
    edition =      "1st Edition",
    year =         "2014",
}

@book{reactBook,
  author         = {Robin Wieruch},
  title          = {The Road to React: Your journey to master plain yet pragmatic React.js},
  year           = {2018}
}

@book{ffmpegBook,
  author         = {Jan Lee Ozer},
  title          = {Video Encoding by the Numbers: Eliminate the Guesswork from your Streaming Video},
  publisher      = {Doceo Publishing},
  year           = {2016}
}

@book{h264Book,
  author         = {Iain E., Richardson },
  title          = {The H.264 Advanced Video Compression Standard },
  publisher      = {Wiley},
  edition        = {2nd Edition},
  year           = {2010}
}

@misc{appleCodec,
  author       = {Apple.inc},
  title        = {Supported media formats in Motion},
  note         = {S Interneta, \url{https://support.apple.com/guide/motion/supported-media-formats-motn1252ada3/mac}, 12. Srpnja 2020}
}

@misc{androidCodec,
  author       = {Google},
  title        = {Android developers},
  note         = {S Interneta, \url{https://developer.android.com/guide/topics/media/media-formats}, 12. Srpnja 2020}
}

@misc{canIUse,
  author       = {Alexis, Deveria},
  title        = {Can I Use},
  note         = {S Interneta, \url{https://caniuse.com/\#search=video}, 12. Srpnja 2020}
}

@book{rPiBook,
  author       = {Sean, McManus and Mike, Cook},
  title        = {Raspberry Pi For Dummies},
  edition      = {1st Edition},
  publisher    = {For Dummies},
  year         = {2013}
}

@misc{ffmpegDocs,
  author       = {FFmpeg.org},
  title        = {FFMpeg Documentation},
  note         = {S Interneta, \url{https://www.ffmpeg.org/doxygen/trunk/index.html}, 12. Srpnja 2020}
}

@misc{linuxKernelDocs,
  author       = {Kernel.org},
  title        = {The Linux Kernel Documentation},
  note         = {S Interneta, \url{https://www.kernel.org/doc/html/v4.12/media/kapi/v4l2-core.html}, 12. Srpnja 2020}
}

@book{IOT,
  author         = {Cuno, Pfister},
  title          = {Getting Started with the Internet of Things: Connecting Sensors And Microcontrollers To The Cloud},
  edition        = {1st Edition},
  publisher      = {O'Reilly Media},
  year           = {2011}
}

@misc{nlohmanJson,
  author       = {Niels Lohmann},
  title        = {NLohmann JSON},
  note         = {S Interneta, \url{https://github.com/nlohmann/json}, 12. Srpnja 2020}
}

@book{JWT,
  author         = {ietf.org},
  title          = {<Standard> JSON Web Token (JWT)},
  year           = {2015}
}

@misc{SQLite,
  author       = {sqlite.org},
  title        = {Dokumentacija},
  note         = {S Interneta, \url{https://www.sqlite.org/about.html}, 14. Srpnja 2020},
  year         = {2020}
}

@book{webProtocols,
  author         = {Balachander, Krishnamurthy},
  title          = {Web protocols and practice},
  year           = {2001}
}

@book{rust,
  author         = {Klabnik, Steve and Nichols, Carol},
  title          = {The Rust Programming Language},
  year           = {2018}
}